@article{mor1kxcode,
  title={FPU shipped with mor1kx},
  author={Andrey Bacherov, Jidan Al-eryani, Rudolf Usselmann},
  year={2014},

}
@article{mor1kxRep,
  title={mor1kx code repository, https://github.com/Zeta0Omega/Embedded-system---P06---Optimize-the-Floating-Point-Unit-shipped-with-the-Mor1kx},
  author={Lorenzo Fumagalli, Luca Guzla},
  year={2019},
}
@article{mor1kxtest,
  title={mor1kx code test, https://github.com/Zeta0Omega/Embedded-system---P06---Optimize-the-Floating-Point-Unit-shipped-with-the-Mor1kx/Test\textunderscore new\textunderscore modules},
  author={Lorenzo Fumagalli, Luca Guzla},
  year={2019},
}
